
@article{bitcoinWhitepaper,
  title={Bitcoin: A peer-to-peer electronic cash system},
  author={Nakamoto, Satoshi},
  journal={Decentralized business review},
  pages={21260},
  year={2008}
}

@article{ethereumWhitepaper,
  title={A next-generation smart contract and decentralized application platform},
  author={Buterin, Vitalik and others},
  journal={white paper},
  volume={3},
  number={37},
  pages={2--1},
  year={2014}
}

@misc{ipfsWhitepaper,
  title={IPFS - Content Addressed, Versioned, P2P File System},
  author={Benet, Juan},
  year={2014},
  url={https://ipfs.io/ipfs/QmR7GSQM93Cx5eAg6a6yRzNde1FQv7uL6X1o4k7zrJa3LX/ipfs.draft3.pdf},
  howpublished = {Online}
}

@misc{gethDocumentation,
  title = {Geth Documentation},
  author = {Ethereum},
  howpublished = {\url{https://geth.ethereum.org/docs/}},
  year = {2021}
}

@rfc{rfc7519,
  author = {M. Jones and J. Bradley and N. Sakimura},
  title = {{JSON Web Token (JWT)}},
  month = May,
  year = 2015,
  note = {RFC 7519},
  publisher = {Internet Engineering Task Force (IETF)},
  url = {https://tools.ietf.org/html/rfc7519},
}

@manual{storj,
  title = {{Storj Official Documentation}},
  organization = {{Storj Labs}},
  howpublished = {\url{https://docs.storj.io/}}
}

@manual{sia,
  title = {{Sia Official Documentation}},
  organization = {{Sia}},
  howpublished = {\url{https://sia.tech/docs/}}
}