@article{healthcare,
  title={The case of hyperledger fabric as a blockchain solution for healthcare applications},
  author={Antwi, McSeth and Adnane, Asma and Ahmad, Farhan and Hussain, Rasheed and ur Rehman, Muhammad Habib and Kerrache, Chaker Abdelaziz},
  journal={Blockchain: Research and Applications},
  volume={2},
  number={1},
  pages={100012},
  year={2021},
  publisher={Elsevier}
}

@inproceedings{otaupdate,
  title={Securing over-the-air IoT firmware updates using blockchain},
  author={He, Xinchi and Alqahtani, Sarra and Gamble, Rose and Papa, Mauricio},
  booktitle={Proceedings of the International Conference on Omni-Layer Intelligent Systems},
  pages={164--171},
  year={2019}
}

@article{blockchainupdate,
  title={A highly secure IoT firmware update mechanism using blockchain},
  author={Tsaur, Woei-Jiunn and Chang, Jen-Chun and Chen, Chin-Ling},
  journal={Sensors},
  volume={22},
  number={2},
  pages={530},
  year={2022},
  publisher={MDPI}
}

@inproceedings{mad,
  title={MAD-IoT: Memory anomaly detection for the Internet of Things},
  author={Myers, Jonathan and Babun, Leonardo and Yao, Edward and Helble, Sarah and Allen, Patrick},
  booktitle={2019 IEEE Globecom Workshops (GC Wkshps)},
  pages={1--6},
  year={2019},
  organization={IEEE}
}

@inproceedings{lora,
  title={OTA firmware updates for LoRaWAN using blockchain},
  author={Mtetwa, Njabulo S and Sibeko, Nombuso and Tarwireyi, Paul and Abu-Mahfouz, Adnan M},
  booktitle={2020 2nd International Multidisciplinary Information Technology and Engineering Conference (IMITEC)},
  pages={1--8},
  year={2020},
  organization={IEEE}
}

@inproceedings{verification,
  title={Runtime state verification on resource-constrained platforms},
  author={Clemens, John and Pal, Raj and Sherrell, Branden},
  booktitle={MILCOM 2018-2018 IEEE Military Communications Conference (MILCOM)},
  pages={1--6},
  year={2018},
  organization={IEEE}
}

@inproceedings{survey,
  title={Secure firmware updates for IoT: a survey},
  author={Kolehmainen, Antti},
  booktitle={2018 IEEE International Conference on Internet of Things (iThings) and IEEE Green Computing and Communications (GreenCom) and IEEE Cyber, Physical and Social Computing (CPSCom) and IEEE Smart Data (SmartData)},
  pages={112--117},
  year={2018},
  organization={IEEE}
}

@article{adoption,
  title={A survey on the adoption of blockchain in iot: Challenges and solutions},
  author={Uddin, Md Ashraf and Stranieri, Andrew and Gondal, Iqbal and Balasubramanian, Venki},
  journal={Blockchain: Research and Applications},
  volume={2},
  number={2},
  pages={100006},
  year={2021},
  publisher={Elsevier}
}

@techreport{nhtsa,
  title={Cybersecurity of Firmware Updates},
  author={Bielawski, Russ and Gaynier, Ron and Ma, Di and Lauzon, Sam and Weimerskirch, Andre and others},
  year={2020},
  institution={United States. Department of Transportation. National Highway Traffic Safety~â€¦}
}

